<?xml version="1.0" encoding="UTF-8"?><collection xmlns="http://www.loc.gov/MARC21/slim"><record><leader>00520nam--2200121-i-4500</leader><controlfield tag="001">000011825</controlfield><controlfield tag="002">20161230</controlfield><controlfield tag="005">20161230201029</controlfield><controlfield tag="008">060222s1000------------r-----000-0-eng-d</controlfield><datafield ind1=" " ind2=" " tag="080"><subfield code="a">530.1(061.3):517.43(061.3)519.4(061.3)</subfield></datafield><datafield ind1=" " ind2=" " tag="245"><subfield code="a">Complex analysis and ist applications. lecture s presented at an international seminar course at trieste from 21 may te 8 august 1975 organi zed by the international centre for theoretica l physics, trieste</subfield></datafield><datafield ind1=" " ind2=" " tag="260"><subfield code="a">Vienna, International Atomic Energy Agency, 1976 309 P</subfield></datafield><datafield ind1=" " ind2=" " tag="852"><subfield code="a">43770</subfield></datafield></record></collection>